<record><leader>00000cas a22000007a 4500</leader><controlfield tag="001">17899814</controlfield><controlfield tag="008">880505c19439999ohumr ne      0    0eng d</controlfield><datafield ind1=" " ind2=" " tag="010"><subfield code="a">sn 88078491 </subfield></datafield><datafield ind1=" " ind2=" " tag="040"><subfield code="a">ONP</subfield><subfield code="b">eng</subfield><subfield code="c">ONP</subfield><subfield code="d">OCLCQ</subfield></datafield><datafield ind1=" " ind2=" " tag="042"><subfield code="a">msc</subfield></datafield><datafield ind1="0" ind2="0" tag="245"><subfield code="a">Branch reporter.</subfield></datafield><datafield ind1=" " ind2=" " tag="260"><subfield code="a">[Canton, Ohio] :</subfield><subfield code="b">Canton Branch 238, National Association of Letter Carriers,</subfield><subfield code="c">1943-</subfield></datafield><datafield ind1=" " ind2=" " tag="310"><subfield code="a">Monthly</subfield></datafield><datafield ind1="0" ind2=" " tag="362"><subfield code="a">Vol. 1, no. 1 (June 1943)-</subfield></datafield><datafield ind1=" " ind2=" " tag="515"><subfield code="a">Suspended: Sept. 1945-Feb. 1946.</subfield></datafield><datafield ind1=" " ind2=" " tag="752"><subfield code="a">United States</subfield><subfield code="b">Ohio</subfield><subfield code="c">Stark</subfield><subfield code="d">Canton.</subfield></datafield></record>